%YAML 1.1
%TAG !u! tag:unity3d.com,2011:
--- !u!29 &1
OcclusionCullingSettings:
  m_ObjectHideFlags: 0
  serializedVersion: 2
  m_OcclusionBakeSettings:
    smallestOccluder: 5
    smallestHole: 0.25
    backfaceThreshold: 100
  m_SceneGUID: 00000000000000000000000000000000
  m_OcclusionCullingData: {fileID: 0}
--- !u!104 &2
RenderSettings:
  m_ObjectHideFlags: 0
  serializedVersion: 9
  m_Fog: 0
  m_FogColor: {r: 0.5, g: 0.5, b: 0.5, a: 1}
  m_FogMode: 3
  m_FogDensity: 0.01
  m_LinearFogStart: 0
  m_LinearFogEnd: 300
  m_AmbientSkyColor: {r: 0.212, g: 0.227, b: 0.259, a: 1}
  m_AmbientEquatorColor: {r: 0.114, g: 0.125, b: 0.133, a: 1}
  m_AmbientGroundColor: {r: 0.047, g: 0.043, b: 0.035, a: 1}
  m_AmbientIntensity: 1
  m_AmbientMode: 0
  m_SubtractiveShadowColor: {r: 0.42, g: 0.478, b: 0.627, a: 1}
  m_SkyboxMaterial: {fileID: 10304, guid: 0000000000000000f000000000000000, type: 0}
  m_HaloStrength: 0.5
  m_FlareStrength: 1
  m_FlareFadeSpeed: 3
  m_HaloTexture: {fileID: 0}
  m_SpotCookie: {fileID: 10001, guid: 0000000000000000e000000000000000, type: 0}
  m_DefaultReflectionMode: 0
  m_DefaultReflectionResolution: 128
  m_ReflectionBounces: 1
  m_ReflectionIntensity: 1
  m_CustomReflection: {fileID: 0}
  m_Sun: {fileID: 0}
  m_IndirectSpecularColor: {r: 0, g: 0, b: 0, a: 1}
  m_UseRadianceAmbientProbe: 0
--- !u!157 &3
LightmapSettings:
  m_ObjectHideFlags: 0
  serializedVersion: 11
  m_GIWorkflowMode: 1
  m_GISettings:
    serializedVersion: 2
    m_BounceScale: 1
    m_IndirectOutputScale: 1
    m_AlbedoBoost: 1
    m_TemporalCoherenceThreshold: 1
    m_EnvironmentLightingMode: 0
    m_EnableBakedLightmaps: 1
    m_EnableRealtimeLightmaps: 0
  m_LightmapEditorSettings:
    serializedVersion: 10
    m_Resolution: 2
    m_BakeResolution: 10
    m_AtlasSize: 512
    m_AO: 0
    m_AOMaxDistance: 1
    m_CompAOExponent: 1
    m_CompAOExponentDirect: 0
    m_Padding: 2
    m_LightmapParameters: {fileID: 0}
    m_LightmapsBakeMode: 1
    m_TextureCompression: 1
    m_FinalGather: 0
    m_FinalGatherFiltering: 1
    m_FinalGatherRayCount: 256
    m_ReflectionCompression: 2
    m_MixedBakeMode: 2
    m_BakeBackend: 1
    m_PVRSampling: 1
    m_PVRDirectSampleCount: 32
    m_PVRSampleCount: 256
    m_PVRBounces: 2
    m_PVRFilterTypeDirect: 0
    m_PVRFilterTypeIndirect: 0
    m_PVRFilterTypeAO: 0
    m_PVRFilteringMode: 1
    m_PVRCulling: 1
    m_PVRFilteringGaussRadiusDirect: 1
    m_PVRFilteringGaussRadiusIndirect: 5
    m_PVRFilteringGaussRadiusAO: 2
    m_PVRFilteringAtrousPositionSigmaDirect: 0.5
    m_PVRFilteringAtrousPositionSigmaIndirect: 2
    m_PVRFilteringAtrousPositionSigmaAO: 1
    m_ShowResolutionOverlay: 1
  m_LightingDataAsset: {fileID: 0}
  m_UseShadowmask: 1
--- !u!196 &4
NavMeshSettings:
  serializedVersion: 2
  m_ObjectHideFlags: 0
  m_BuildSettings:
    serializedVersion: 2
    agentTypeID: 0
    agentRadius: 0.5
    agentHeight: 2
    agentSlope: 45
    agentClimb: 0.4
    ledgeDropHeight: 0
    maxJumpAcrossDistance: 0
    minRegionArea: 2
    manualCellSize: 0
    cellSize: 0.16666667
    manualTileSize: 0
    tileSize: 256
    accuratePlacement: 0
    debug:
      m_Flags: 0
  m_NavMeshData: {fileID: 0}
--- !u!224 &28206082 stripped
RectTransform:
  m_PrefabParentObject: {fileID: 224985144439729746, guid: 9b3893421100f9343b1fd26580598196,
    type: 2}
  m_PrefabInternal: {fileID: 255882356}
--- !u!114 &28206083 stripped
MonoBehaviour:
  m_PrefabParentObject: {fileID: 114410963540783786, guid: 9b3893421100f9343b1fd26580598196,
    type: 2}
  m_PrefabInternal: {fileID: 255882356}
  m_Script: {fileID: 11500000, guid: 249db64c0122cf74fafcae44557c07ae, type: 3}
--- !u!1001 &100485841
Prefab:
  m_ObjectHideFlags: 0
  serializedVersion: 2
  m_Modification:
    m_TransformParent: {fileID: 0}
    m_Modifications:
    - target: {fileID: 4104699457795846, guid: 12d6137b7162e6142bb6fa9b834604e3, type: 2}
      propertyPath: m_LocalPosition.x
      value: 0
      objectReference: {fileID: 0}
    - target: {fileID: 4104699457795846, guid: 12d6137b7162e6142bb6fa9b834604e3, type: 2}
      propertyPath: m_LocalPosition.y
      value: 0
      objectReference: {fileID: 0}
    - target: {fileID: 4104699457795846, guid: 12d6137b7162e6142bb6fa9b834604e3, type: 2}
      propertyPath: m_LocalPosition.z
      value: 0
      objectReference: {fileID: 0}
    - target: {fileID: 4104699457795846, guid: 12d6137b7162e6142bb6fa9b834604e3, type: 2}
      propertyPath: m_LocalRotation.x
      value: -0
      objectReference: {fileID: 0}
    - target: {fileID: 4104699457795846, guid: 12d6137b7162e6142bb6fa9b834604e3, type: 2}
      propertyPath: m_LocalRotation.y
      value: -0
      objectReference: {fileID: 0}
    - target: {fileID: 4104699457795846, guid: 12d6137b7162e6142bb6fa9b834604e3, type: 2}
      propertyPath: m_LocalRotation.z
      value: -0
      objectReference: {fileID: 0}
    - target: {fileID: 4104699457795846, guid: 12d6137b7162e6142bb6fa9b834604e3, type: 2}
      propertyPath: m_LocalRotation.w
      value: 1
      objectReference: {fileID: 0}
    - target: {fileID: 4104699457795846, guid: 12d6137b7162e6142bb6fa9b834604e3, type: 2}
      propertyPath: m_RootOrder
      value: 4
      objectReference: {fileID: 0}
    - target: {fileID: 114593932202226198, guid: 12d6137b7162e6142bb6fa9b834604e3,
        type: 2}
      propertyPath: m_bulletSpawner
      value: 
      objectReference: {fileID: 437768387}
    - target: {fileID: 4411098443040718, guid: 12d6137b7162e6142bb6fa9b834604e3, type: 2}
      propertyPath: m_LocalPosition.z
      value: -0.05
      objectReference: {fileID: 0}
    - target: {fileID: 4975448657850620, guid: 12d6137b7162e6142bb6fa9b834604e3, type: 2}
      propertyPath: m_LocalPosition.z
      value: 0
      objectReference: {fileID: 0}
    m_RemovedComponents: []
  m_ParentPrefab: {fileID: 100100000, guid: 12d6137b7162e6142bb6fa9b834604e3, type: 2}
  m_IsPrefabParent: 0
--- !u!1 &170076733
GameObject:
  m_ObjectHideFlags: 0
  m_PrefabParentObject: {fileID: 0}
  m_PrefabInternal: {fileID: 0}
  serializedVersion: 5
  m_Component:
  - component: {fileID: 170076735}
  - component: {fileID: 170076734}
  m_Layer: 0
  m_Name: Directional Light
  m_TagString: Untagged
  m_Icon: {fileID: 0}
  m_NavMeshLayer: 0
  m_StaticEditorFlags: 0
  m_IsActive: 1
--- !u!108 &170076734
Light:
  m_ObjectHideFlags: 0
  m_PrefabParentObject: {fileID: 0}
  m_PrefabInternal: {fileID: 0}
  m_GameObject: {fileID: 170076733}
  m_Enabled: 1
  serializedVersion: 8
  m_Type: 1
  m_Color: {r: 1, g: 0.95686275, b: 0.8392157, a: 1}
  m_Intensity: 1
  m_Range: 10
  m_SpotAngle: 30
  m_CookieSize: 10
  m_Shadows:
    m_Type: 2
    m_Resolution: -1
    m_CustomResolution: -1
    m_Strength: 1
    m_Bias: 0.05
    m_NormalBias: 0.4
    m_NearPlane: 0.2
  m_Cookie: {fileID: 0}
  m_DrawHalo: 0
  m_Flare: {fileID: 0}
  m_RenderMode: 0
  m_CullingMask:
    serializedVersion: 2
    m_Bits: 4294967295
  m_Lightmapping: 1
  m_AreaSize: {x: 1, y: 1}
  m_BounceIntensity: 1
  m_ColorTemperature: 6570
  m_UseColorTemperature: 0
  m_ShadowRadius: 0
  m_ShadowAngle: 0
--- !u!4 &170076735
Transform:
  m_ObjectHideFlags: 0
  m_PrefabParentObject: {fileID: 0}
  m_PrefabInternal: {fileID: 0}
  m_GameObject: {fileID: 170076733}
  m_LocalRotation: {x: 0.40821788, y: -0.23456968, z: 0.10938163, w: 0.8754261}
  m_LocalPosition: {x: 0, y: 3, z: 0}
  m_LocalScale: {x: 1, y: 1, z: 1}
  m_Children: []
  m_Father: {fileID: 0}
  m_RootOrder: 1
  m_LocalEulerAnglesHint: {x: 50, y: -30, z: 0}
--- !u!1001 &255882356
Prefab:
  m_ObjectHideFlags: 0
  serializedVersion: 2
  m_Modification:
    m_TransformParent: {fileID: 1798779771}
    m_Modifications:
    - target: {fileID: 224985144439729746, guid: 9b3893421100f9343b1fd26580598196,
        type: 2}
      propertyPath: m_LocalPosition.x
      value: 0
      objectReference: {fileID: 0}
    - target: {fileID: 224985144439729746, guid: 9b3893421100f9343b1fd26580598196,
        type: 2}
      propertyPath: m_LocalPosition.y
      value: 0
      objectReference: {fileID: 0}
    - target: {fileID: 224985144439729746, guid: 9b3893421100f9343b1fd26580598196,
        type: 2}
      propertyPath: m_LocalPosition.z
      value: 0
      objectReference: {fileID: 0}
    - target: {fileID: 224985144439729746, guid: 9b3893421100f9343b1fd26580598196,
        type: 2}
      propertyPath: m_LocalRotation.x
      value: -0
      objectReference: {fileID: 0}
    - target: {fileID: 224985144439729746, guid: 9b3893421100f9343b1fd26580598196,
        type: 2}
      propertyPath: m_LocalRotation.y
      value: -0
      objectReference: {fileID: 0}
    - target: {fileID: 224985144439729746, guid: 9b3893421100f9343b1fd26580598196,
        type: 2}
      propertyPath: m_LocalRotation.z
      value: -0
      objectReference: {fileID: 0}
    - target: {fileID: 224985144439729746, guid: 9b3893421100f9343b1fd26580598196,
        type: 2}
      propertyPath: m_LocalRotation.w
      value: 1
      objectReference: {fileID: 0}
    - target: {fileID: 224985144439729746, guid: 9b3893421100f9343b1fd26580598196,
        type: 2}
      propertyPath: m_RootOrder
      value: 1
      objectReference: {fileID: 0}
    - target: {fileID: 224985144439729746, guid: 9b3893421100f9343b1fd26580598196,
        type: 2}
      propertyPath: m_AnchoredPosition.x
      value: 0
      objectReference: {fileID: 0}
    - target: {fileID: 224985144439729746, guid: 9b3893421100f9343b1fd26580598196,
        type: 2}
      propertyPath: m_AnchoredPosition.y
      value: 0
      objectReference: {fileID: 0}
    - target: {fileID: 224985144439729746, guid: 9b3893421100f9343b1fd26580598196,
        type: 2}
      propertyPath: m_SizeDelta.x
      value: 0
      objectReference: {fileID: 0}
    - target: {fileID: 224985144439729746, guid: 9b3893421100f9343b1fd26580598196,
        type: 2}
      propertyPath: m_SizeDelta.y
      value: 0
      objectReference: {fileID: 0}
    - target: {fileID: 224985144439729746, guid: 9b3893421100f9343b1fd26580598196,
        type: 2}
      propertyPath: m_AnchorMin.x
      value: 0.25
      objectReference: {fileID: 0}
    - target: {fileID: 224985144439729746, guid: 9b3893421100f9343b1fd26580598196,
        type: 2}
      propertyPath: m_AnchorMin.y
      value: 0.05
      objectReference: {fileID: 0}
    - target: {fileID: 224985144439729746, guid: 9b3893421100f9343b1fd26580598196,
        type: 2}
      propertyPath: m_AnchorMax.x
      value: 0.75
      objectReference: {fileID: 0}
    - target: {fileID: 224985144439729746, guid: 9b3893421100f9343b1fd26580598196,
        type: 2}
      propertyPath: m_AnchorMax.y
      value: 0.95
      objectReference: {fileID: 0}
    - target: {fileID: 224985144439729746, guid: 9b3893421100f9343b1fd26580598196,
        type: 2}
      propertyPath: m_Pivot.x
      value: 0.5
      objectReference: {fileID: 0}
    - target: {fileID: 224985144439729746, guid: 9b3893421100f9343b1fd26580598196,
        type: 2}
      propertyPath: m_Pivot.y
      value: 0.5
      objectReference: {fileID: 0}
    - target: {fileID: 224955201469990248, guid: 9b3893421100f9343b1fd26580598196,
        type: 2}
      propertyPath: m_AnchorMax.x
      value: 0
      objectReference: {fileID: 0}
    - target: {fileID: 224955201469990248, guid: 9b3893421100f9343b1fd26580598196,
        type: 2}
      propertyPath: m_AnchorMax.y
      value: 0
      objectReference: {fileID: 0}
    - target: {fileID: 224426651895001674, guid: 9b3893421100f9343b1fd26580598196,
        type: 2}
      propertyPath: m_AnchorMax.x
      value: 0
      objectReference: {fileID: 0}
    - target: {fileID: 224426651895001674, guid: 9b3893421100f9343b1fd26580598196,
        type: 2}
      propertyPath: m_AnchorMax.y
      value: 0
      objectReference: {fileID: 0}
    - target: {fileID: 224763477008616966, guid: 9b3893421100f9343b1fd26580598196,
        type: 2}
      propertyPath: m_SizeDelta.x
      value: 0
      objectReference: {fileID: 0}
    - target: {fileID: 224433786075096264, guid: 9b3893421100f9343b1fd26580598196,
        type: 2}
      propertyPath: m_AnchorMax.x
      value: 0
      objectReference: {fileID: 0}
    - target: {fileID: 224433786075096264, guid: 9b3893421100f9343b1fd26580598196,
        type: 2}
      propertyPath: m_AnchorMax.y
      value: 0
      objectReference: {fileID: 0}
    - target: {fileID: 224433786075096264, guid: 9b3893421100f9343b1fd26580598196,
        type: 2}
      propertyPath: m_SizeDelta.x
      value: 0
      objectReference: {fileID: 0}
    - target: {fileID: 224433786075096264, guid: 9b3893421100f9343b1fd26580598196,
        type: 2}
      propertyPath: m_SizeDelta.y
      value: 0
      objectReference: {fileID: 0}
    - target: {fileID: 224504493646662036, guid: 9b3893421100f9343b1fd26580598196,
        type: 2}
      propertyPath: m_AnchorMax.x
      value: 0
      objectReference: {fileID: 0}
    - target: {fileID: 224504493646662036, guid: 9b3893421100f9343b1fd26580598196,
        type: 2}
      propertyPath: m_SizeDelta.x
      value: 0
      objectReference: {fileID: 0}
    - target: {fileID: 224115076539367610, guid: 9b3893421100f9343b1fd26580598196,
        type: 2}
      propertyPath: m_AnchorMax.y
      value: 0
      objectReference: {fileID: 0}
    - target: {fileID: 224115076539367610, guid: 9b3893421100f9343b1fd26580598196,
        type: 2}
      propertyPath: m_SizeDelta.y
      value: 0
      objectReference: {fileID: 0}
    - target: {fileID: 224763477008616966, guid: 9b3893421100f9343b1fd26580598196,
        type: 2}
      propertyPath: m_SizeDelta.y
      value: 0
      objectReference: {fileID: 0}
    m_RemovedComponents: []
  m_ParentPrefab: {fileID: 100100000, guid: 9b3893421100f9343b1fd26580598196, type: 2}
  m_IsPrefabParent: 0
--- !u!1 &282840810
GameObject:
  m_ObjectHideFlags: 0
  m_PrefabParentObject: {fileID: 0}
  m_PrefabInternal: {fileID: 0}
  serializedVersion: 5
  m_Component:
  - component: {fileID: 282840814}
  - component: {fileID: 282840813}
  - component: {fileID: 282840811}
  m_Layer: 0
  m_Name: Main Camera
  m_TagString: MainCamera
  m_Icon: {fileID: 0}
  m_NavMeshLayer: 0
  m_StaticEditorFlags: 0
  m_IsActive: 1
--- !u!81 &282840811
AudioListener:
  m_ObjectHideFlags: 0
  m_PrefabParentObject: {fileID: 0}
  m_PrefabInternal: {fileID: 0}
  m_GameObject: {fileID: 282840810}
  m_Enabled: 1
--- !u!20 &282840813
Camera:
  m_ObjectHideFlags: 0
  m_PrefabParentObject: {fileID: 0}
  m_PrefabInternal: {fileID: 0}
  m_GameObject: {fileID: 282840810}
  m_Enabled: 1
  serializedVersion: 2
  m_ClearFlags: 1
  m_BackGroundColor: {r: 0.19215687, g: 0.3019608, b: 0.4745098, a: 0}
  m_NormalizedViewPortRect:
    serializedVersion: 2
    x: 0
    y: 0
    width: 1
    height: 1
  near clip plane: 0.3
  far clip plane: 1000
  field of view: 60
  orthographic: 1
  orthographic size: 10
  m_Depth: -1
  m_CullingMask:
    serializedVersion: 2
    m_Bits: 4294967295
  m_RenderingPath: -1
  m_TargetTexture: {fileID: 0}
  m_TargetDisplay: 0
  m_TargetEye: 3
  m_HDR: 1
  m_AllowMSAA: 1
  m_AllowDynamicResolution: 0
  m_ForceIntoRT: 1
  m_OcclusionCulling: 1
  m_StereoConvergence: 10
  m_StereoSeparation: 0.022
--- !u!4 &282840814
Transform:
  m_ObjectHideFlags: 0
  m_PrefabParentObject: {fileID: 0}
  m_PrefabInternal: {fileID: 0}
  m_GameObject: {fileID: 282840810}
  m_LocalRotation: {x: 0.7071068, y: 0, z: 0, w: 0.7071068}
  m_LocalPosition: {x: 0, y: 10, z: 0}
  m_LocalScale: {x: 1, y: 1, z: 1}
  m_Children: []
  m_Father: {fileID: 0}
  m_RootOrder: 0
  m_LocalEulerAnglesHint: {x: 90, y: 0, z: 0}
--- !u!1 &375772166
GameObject:
  m_ObjectHideFlags: 0
  m_PrefabParentObject: {fileID: 0}
  m_PrefabInternal: {fileID: 0}
  serializedVersion: 5
  m_Component:
  - component: {fileID: 375772169}
  - component: {fileID: 375772168}
  - component: {fileID: 375772167}
  m_Layer: 0
  m_Name: Ant Spawn
  m_TagString: Untagged
  m_Icon: {fileID: 0}
  m_NavMeshLayer: 0
  m_StaticEditorFlags: 0
  m_IsActive: 1
--- !u!114 &375772167
MonoBehaviour:
  m_ObjectHideFlags: 0
  m_PrefabParentObject: {fileID: 0}
  m_PrefabInternal: {fileID: 0}
  m_GameObject: {fileID: 375772166}
  m_Enabled: 1
  m_EditorHideFlags: 0
  m_Script: {fileID: 11500000, guid: fe7e8cba54ba13e4cb6a5d5600622e3a, type: 3}
  m_Name: 
  m_EditorClassIdentifier: 
  m_prefab: {fileID: 1480129582289870, guid: d9372b3f5dd98ce42b55c38eff8ecb18, type: 2}
  m_parent: {fileID: 0}
  m_autoGenerate: 1
  m_objectPoolLimit: 2
  m_objectPool: []
--- !u!114 &375772168
MonoBehaviour:
  m_ObjectHideFlags: 0
  m_PrefabParentObject: {fileID: 0}
  m_PrefabInternal: {fileID: 0}
  m_GameObject: {fileID: 375772166}
  m_Enabled: 1
  m_EditorHideFlags: 0
  m_Script: {fileID: 11500000, guid: 21300b603f6bf6548a16be4e53fdeff6, type: 3}
  m_Name: 
  m_EditorClassIdentifier: 
  m_bulletSpawner: {fileID: 469234628}
  m_autoSpawn: 1
  m_changeOfSpawn: 0.1
--- !u!4 &375772169
Transform:
  m_ObjectHideFlags: 0
  m_PrefabParentObject: {fileID: 0}
  m_PrefabInternal: {fileID: 0}
  m_GameObject: {fileID: 375772166}
  m_LocalRotation: {x: 0, y: 0, z: 0, w: 1}
  m_LocalPosition: {x: 0, y: 0, z: 0}
  m_LocalScale: {x: 1, y: 1, z: 1}
  m_Children:
  - {fileID: 469234630}
  m_Father: {fileID: 0}
  m_RootOrder: 7
  m_LocalEulerAnglesHint: {x: 0, y: 0, z: 0}
--- !u!1001 &385677625
Prefab:
  m_ObjectHideFlags: 0
  serializedVersion: 2
  m_Modification:
    m_TransformParent: {fileID: 1798779771}
    m_Modifications:
    - target: {fileID: 224427585298713318, guid: 337fa488362d8714e9fad6422218e9ca,
        type: 2}
      propertyPath: m_LocalPosition.x
      value: 0
      objectReference: {fileID: 0}
    - target: {fileID: 224427585298713318, guid: 337fa488362d8714e9fad6422218e9ca,
        type: 2}
      propertyPath: m_LocalPosition.y
      value: 0
      objectReference: {fileID: 0}
    - target: {fileID: 224427585298713318, guid: 337fa488362d8714e9fad6422218e9ca,
        type: 2}
      propertyPath: m_LocalPosition.z
      value: 0
      objectReference: {fileID: 0}
    - target: {fileID: 224427585298713318, guid: 337fa488362d8714e9fad6422218e9ca,
        type: 2}
      propertyPath: m_LocalRotation.x
      value: -0
      objectReference: {fileID: 0}
    - target: {fileID: 224427585298713318, guid: 337fa488362d8714e9fad6422218e9ca,
        type: 2}
      propertyPath: m_LocalRotation.y
      value: -0
      objectReference: {fileID: 0}
    - target: {fileID: 224427585298713318, guid: 337fa488362d8714e9fad6422218e9ca,
        type: 2}
      propertyPath: m_LocalRotation.z
      value: -0
      objectReference: {fileID: 0}
    - target: {fileID: 224427585298713318, guid: 337fa488362d8714e9fad6422218e9ca,
        type: 2}
      propertyPath: m_LocalRotation.w
      value: 1
      objectReference: {fileID: 0}
    - target: {fileID: 224427585298713318, guid: 337fa488362d8714e9fad6422218e9ca,
        type: 2}
      propertyPath: m_RootOrder
      value: 2
      objectReference: {fileID: 0}
    - target: {fileID: 224427585298713318, guid: 337fa488362d8714e9fad6422218e9ca,
        type: 2}
      propertyPath: m_AnchoredPosition.x
      value: 0
      objectReference: {fileID: 0}
    - target: {fileID: 224427585298713318, guid: 337fa488362d8714e9fad6422218e9ca,
        type: 2}
      propertyPath: m_AnchoredPosition.y
      value: 0
      objectReference: {fileID: 0}
    - target: {fileID: 224427585298713318, guid: 337fa488362d8714e9fad6422218e9ca,
        type: 2}
      propertyPath: m_SizeDelta.x
      value: 0
      objectReference: {fileID: 0}
    - target: {fileID: 224427585298713318, guid: 337fa488362d8714e9fad6422218e9ca,
        type: 2}
      propertyPath: m_SizeDelta.y
      value: 0
      objectReference: {fileID: 0}
    - target: {fileID: 224427585298713318, guid: 337fa488362d8714e9fad6422218e9ca,
        type: 2}
      propertyPath: m_AnchorMin.x
      value: 0.3
      objectReference: {fileID: 0}
    - target: {fileID: 224427585298713318, guid: 337fa488362d8714e9fad6422218e9ca,
        type: 2}
      propertyPath: m_AnchorMin.y
      value: 0.2
      objectReference: {fileID: 0}
    - target: {fileID: 224427585298713318, guid: 337fa488362d8714e9fad6422218e9ca,
        type: 2}
      propertyPath: m_AnchorMax.x
      value: 0.7
      objectReference: {fileID: 0}
    - target: {fileID: 224427585298713318, guid: 337fa488362d8714e9fad6422218e9ca,
        type: 2}
      propertyPath: m_AnchorMax.y
      value: 0.8
      objectReference: {fileID: 0}
    - target: {fileID: 224427585298713318, guid: 337fa488362d8714e9fad6422218e9ca,
        type: 2}
      propertyPath: m_Pivot.x
      value: 0.5
      objectReference: {fileID: 0}
    - target: {fileID: 224427585298713318, guid: 337fa488362d8714e9fad6422218e9ca,
        type: 2}
      propertyPath: m_Pivot.y
      value: 0.5
      objectReference: {fileID: 0}
    m_RemovedComponents: []
  m_ParentPrefab: {fileID: 100100000, guid: 337fa488362d8714e9fad6422218e9ca, type: 2}
  m_IsPrefabParent: 0
--- !u!1 &437768386
GameObject:
  m_ObjectHideFlags: 0
  m_PrefabParentObject: {fileID: 0}
  m_PrefabInternal: {fileID: 0}
  serializedVersion: 5
  m_Component:
  - component: {fileID: 437768388}
  - component: {fileID: 437768387}
  - component: {fileID: 437768389}
  m_Layer: 0
  m_Name: Player Bullets
  m_TagString: Untagged
  m_Icon: {fileID: 0}
  m_NavMeshLayer: 0
  m_StaticEditorFlags: 0
  m_IsActive: 1
--- !u!114 &437768387
MonoBehaviour:
  m_ObjectHideFlags: 0
  m_PrefabParentObject: {fileID: 0}
  m_PrefabInternal: {fileID: 0}
  m_GameObject: {fileID: 437768386}
  m_Enabled: 1
  m_EditorHideFlags: 0
  m_Script: {fileID: 11500000, guid: efcd286e3ca270c42995a523954122c2, type: 3}
  m_Name: 
  m_EditorClassIdentifier: 
--- !u!4 &437768388
Transform:
  m_ObjectHideFlags: 0
  m_PrefabParentObject: {fileID: 0}
  m_PrefabInternal: {fileID: 0}
  m_GameObject: {fileID: 437768386}
  m_LocalRotation: {x: 0, y: 0, z: 0, w: 1}
  m_LocalPosition: {x: 0, y: 0, z: 0}
  m_LocalScale: {x: 1, y: 1, z: 1}
  m_Children: []
  m_Father: {fileID: 0}
  m_RootOrder: 5
  m_LocalEulerAnglesHint: {x: 0, y: 0, z: 0}
--- !u!114 &437768389
MonoBehaviour:
  m_ObjectHideFlags: 0
  m_PrefabParentObject: {fileID: 0}
  m_PrefabInternal: {fileID: 0}
  m_GameObject: {fileID: 437768386}
  m_Enabled: 1
  m_EditorHideFlags: 0
  m_Script: {fileID: 11500000, guid: fe7e8cba54ba13e4cb6a5d5600622e3a, type: 3}
  m_Name: 
  m_EditorClassIdentifier: 
  m_prefab: {fileID: 1456504954164572, guid: 43b744fbcb572db4389f9250f5c7f1e2, type: 2}
  m_parent: {fileID: 0}
  m_autoGenerate: 1
  m_objectPoolLimit: 10
  m_objectPool: []
--- !u!1 &469234627
GameObject:
  m_ObjectHideFlags: 0
  m_PrefabParentObject: {fileID: 0}
  m_PrefabInternal: {fileID: 0}
  serializedVersion: 5
  m_Component:
  - component: {fileID: 469234630}
  - component: {fileID: 469234628}
  - component: {fileID: 469234629}
  m_Layer: 0
  m_Name: Enemy Bullets
  m_TagString: Untagged
  m_Icon: {fileID: 0}
  m_NavMeshLayer: 0
  m_StaticEditorFlags: 0
  m_IsActive: 1
--- !u!114 &469234628
MonoBehaviour:
  m_ObjectHideFlags: 0
  m_PrefabParentObject: {fileID: 0}
  m_PrefabInternal: {fileID: 0}
  m_GameObject: {fileID: 469234627}
  m_Enabled: 1
  m_EditorHideFlags: 0
  m_Script: {fileID: 11500000, guid: efcd286e3ca270c42995a523954122c2, type: 3}
  m_Name: 
  m_EditorClassIdentifier: 
--- !u!114 &469234629
MonoBehaviour:
  m_ObjectHideFlags: 0
  m_PrefabParentObject: {fileID: 0}
  m_PrefabInternal: {fileID: 0}
  m_GameObject: {fileID: 469234627}
  m_Enabled: 1
  m_EditorHideFlags: 0
  m_Script: {fileID: 11500000, guid: fe7e8cba54ba13e4cb6a5d5600622e3a, type: 3}
  m_Name: 
  m_EditorClassIdentifier: 
  m_prefab: {fileID: 1456504954164572, guid: f9f4f6f2ef0df7a4d8cb08e6e1e8fc94, type: 2}
  m_parent: {fileID: 0}
  m_autoGenerate: 1
  m_objectPoolLimit: 10
  m_objectPool: []
--- !u!4 &469234630
Transform:
  m_ObjectHideFlags: 0
  m_PrefabParentObject: {fileID: 0}
  m_PrefabInternal: {fileID: 0}
  m_GameObject: {fileID: 469234627}
  m_LocalRotation: {x: -0, y: -0, z: -0, w: 1}
  m_LocalPosition: {x: 0, y: 0, z: 0}
  m_LocalScale: {x: 1, y: 1, z: 1}
  m_Children: []
  m_Father: {fileID: 375772169}
  m_RootOrder: 0
  m_LocalEulerAnglesHint: {x: 0, y: 0, z: 0}
--- !u!1 &559193687
GameObject:
  m_ObjectHideFlags: 0
  m_PrefabParentObject: {fileID: 0}
  m_PrefabInternal: {fileID: 0}
  serializedVersion: 5
  m_Component:
  - component: {fileID: 559193688}
  - component: {fileID: 559193689}
  m_Layer: 13
  m_Name: Game Manager
  m_TagString: Untagged
  m_Icon: {fileID: 0}
  m_NavMeshLayer: 0
  m_StaticEditorFlags: 0
  m_IsActive: 1
--- !u!4 &559193688
Transform:
  m_ObjectHideFlags: 0
  m_PrefabParentObject: {fileID: 0}
  m_PrefabInternal: {fileID: 0}
  m_GameObject: {fileID: 559193687}
  m_LocalRotation: {x: -0, y: -0, z: -0, w: 1}
  m_LocalPosition: {x: 10, y: 0, z: 0}
  m_LocalScale: {x: 1, y: 1, z: 1}
  m_Children: []
  m_Father: {fileID: 0}
  m_RootOrder: 3
  m_LocalEulerAnglesHint: {x: 0, y: 0, z: 0}
--- !u!114 &559193689
MonoBehaviour:
  m_ObjectHideFlags: 0
  m_PrefabParentObject: {fileID: 0}
  m_PrefabInternal: {fileID: 0}
  m_GameObject: {fileID: 559193687}
  m_Enabled: 1
  m_EditorHideFlags: 0
  m_Script: {fileID: 11500000, guid: a4b6453d3cfa5014793403e71676fb7c, type: 3}
  m_Name: 
  m_EditorClassIdentifier: 
  m_inGame: 0
  m_sceneConfig: {fileID: 11400000, guid: c0f8481165b340a41b21ace444aa5ff2, type: 2}
  m_levelMusic: 32
  m_victoryMusic: 8
  m_victoryText: All Asteroids destroyed!
  m_defeatMusic: 16
  m_defeatText: You die!
  m_player: {fileID: 1059644224}
  m_guiGameOver: {fileID: 28206083}
  m_guiNameInsert: {fileID: 637348111}
  m_respawnDelay: 1
  m_invincibilityDuration: 2
  m_invincibilityEffectInterval: 0.1
  m_isInvincible: 0
  m_life: 3
  m_levelUpEffects: {fileID: 11400000, guid: 31c7a800d4a8cf449a9e4d306a58e22a, type: 2}
  m_currentLevel: 1
  m_currentXP: 0
  m_pointsConfig: {fileID: 11400000, guid: ba6c3eacf99ff0c47a0f5fc42563e5ad, type: 2}
  m_currentScore: 0
--- !u!1001 &605465873
Prefab:
  m_ObjectHideFlags: 0
  serializedVersion: 2
  m_Modification:
    m_TransformParent: {fileID: 1798779771}
    m_Modifications:
    - target: {fileID: 224935668660295898, guid: 540d272ee7771384dbf1a24e656c4ec6,
        type: 2}
      propertyPath: m_LocalPosition.x
      value: 0
      objectReference: {fileID: 0}
    - target: {fileID: 224935668660295898, guid: 540d272ee7771384dbf1a24e656c4ec6,
        type: 2}
      propertyPath: m_LocalPosition.y
      value: 0
      objectReference: {fileID: 0}
    - target: {fileID: 224935668660295898, guid: 540d272ee7771384dbf1a24e656c4ec6,
        type: 2}
      propertyPath: m_LocalPosition.z
      value: 0
      objectReference: {fileID: 0}
    - target: {fileID: 224935668660295898, guid: 540d272ee7771384dbf1a24e656c4ec6,
        type: 2}
      propertyPath: m_LocalRotation.x
      value: 0
      objectReference: {fileID: 0}
    - target: {fileID: 224935668660295898, guid: 540d272ee7771384dbf1a24e656c4ec6,
        type: 2}
      propertyPath: m_LocalRotation.y
      value: 0
      objectReference: {fileID: 0}
    - target: {fileID: 224935668660295898, guid: 540d272ee7771384dbf1a24e656c4ec6,
        type: 2}
      propertyPath: m_LocalRotation.z
      value: 0
      objectReference: {fileID: 0}
    - target: {fileID: 224935668660295898, guid: 540d272ee7771384dbf1a24e656c4ec6,
        type: 2}
      propertyPath: m_LocalRotation.w
      value: 1
      objectReference: {fileID: 0}
    - target: {fileID: 224935668660295898, guid: 540d272ee7771384dbf1a24e656c4ec6,
        type: 2}
      propertyPath: m_RootOrder
      value: 0
      objectReference: {fileID: 0}
    - target: {fileID: 224935668660295898, guid: 540d272ee7771384dbf1a24e656c4ec6,
        type: 2}
      propertyPath: m_AnchoredPosition.x
      value: 0
      objectReference: {fileID: 0}
    - target: {fileID: 224935668660295898, guid: 540d272ee7771384dbf1a24e656c4ec6,
        type: 2}
      propertyPath: m_AnchoredPosition.y
      value: 0
      objectReference: {fileID: 0}
    - target: {fileID: 224935668660295898, guid: 540d272ee7771384dbf1a24e656c4ec6,
        type: 2}
      propertyPath: m_SizeDelta.x
      value: 0
      objectReference: {fileID: 0}
    - target: {fileID: 224935668660295898, guid: 540d272ee7771384dbf1a24e656c4ec6,
        type: 2}
      propertyPath: m_SizeDelta.y
      value: 0
      objectReference: {fileID: 0}
    - target: {fileID: 224935668660295898, guid: 540d272ee7771384dbf1a24e656c4ec6,
        type: 2}
      propertyPath: m_AnchorMin.x
      value: 0
      objectReference: {fileID: 0}
    - target: {fileID: 224935668660295898, guid: 540d272ee7771384dbf1a24e656c4ec6,
        type: 2}
      propertyPath: m_AnchorMin.y
      value: 0
      objectReference: {fileID: 0}
    - target: {fileID: 224935668660295898, guid: 540d272ee7771384dbf1a24e656c4ec6,
        type: 2}
      propertyPath: m_AnchorMax.x
      value: 1
      objectReference: {fileID: 0}
    - target: {fileID: 224935668660295898, guid: 540d272ee7771384dbf1a24e656c4ec6,
        type: 2}
      propertyPath: m_AnchorMax.y
      value: 1
      objectReference: {fileID: 0}
    - target: {fileID: 224935668660295898, guid: 540d272ee7771384dbf1a24e656c4ec6,
        type: 2}
      propertyPath: m_Pivot.x
      value: 0.5
      objectReference: {fileID: 0}
    - target: {fileID: 224935668660295898, guid: 540d272ee7771384dbf1a24e656c4ec6,
        type: 2}
      propertyPath: m_Pivot.y
      value: 0.5
      objectReference: {fileID: 0}
    - target: {fileID: 114864215194629300, guid: 540d272ee7771384dbf1a24e656c4ec6,
        type: 2}
      propertyPath: m_Color.a
      value: 0.54901963
      objectReference: {fileID: 0}
    - target: {fileID: 114860680621184696, guid: 540d272ee7771384dbf1a24e656c4ec6,
        type: 2}
      propertyPath: m_Color.a
      value: 0.54901963
      objectReference: {fileID: 0}
    - target: {fileID: 114726166163139920, guid: 540d272ee7771384dbf1a24e656c4ec6,
        type: 2}
      propertyPath: m_Color.r
      value: 0
      objectReference: {fileID: 0}
    - target: {fileID: 114726166163139920, guid: 540d272ee7771384dbf1a24e656c4ec6,
        type: 2}
      propertyPath: m_Color.g
      value: 0
      objectReference: {fileID: 0}
    - target: {fileID: 114726166163139920, guid: 540d272ee7771384dbf1a24e656c4ec6,
        type: 2}
      propertyPath: m_Color.b
      value: 0
      objectReference: {fileID: 0}
    - target: {fileID: 114012876012986300, guid: 540d272ee7771384dbf1a24e656c4ec6,
        type: 2}
      propertyPath: m_Color.r
      value: 0
      objectReference: {fileID: 0}
    - target: {fileID: 114012876012986300, guid: 540d272ee7771384dbf1a24e656c4ec6,
        type: 2}
      propertyPath: m_Color.g
      value: 0
      objectReference: {fileID: 0}
    - target: {fileID: 114012876012986300, guid: 540d272ee7771384dbf1a24e656c4ec6,
        type: 2}
      propertyPath: m_Color.b
      value: 0
      objectReference: {fileID: 0}
    - target: {fileID: 114526171005949374, guid: 540d272ee7771384dbf1a24e656c4ec6,
        type: 2}
      propertyPath: m_Color.r
      value: 0
      objectReference: {fileID: 0}
    - target: {fileID: 114526171005949374, guid: 540d272ee7771384dbf1a24e656c4ec6,
        type: 2}
      propertyPath: m_Color.g
      value: 0
      objectReference: {fileID: 0}
    - target: {fileID: 114526171005949374, guid: 540d272ee7771384dbf1a24e656c4ec6,
        type: 2}
      propertyPath: m_Color.b
      value: 0
      objectReference: {fileID: 0}
    - target: {fileID: 114955920099290896, guid: 540d272ee7771384dbf1a24e656c4ec6,
        type: 2}
      propertyPath: m_Color.r
      value: 0
      objectReference: {fileID: 0}
    - target: {fileID: 114955920099290896, guid: 540d272ee7771384dbf1a24e656c4ec6,
        type: 2}
      propertyPath: m_Color.g
      value: 0
      objectReference: {fileID: 0}
    - target: {fileID: 114955920099290896, guid: 540d272ee7771384dbf1a24e656c4ec6,
        type: 2}
      propertyPath: m_Color.b
      value: 0
      objectReference: {fileID: 0}
    m_RemovedComponents: []
  m_ParentPrefab: {fileID: 100100000, guid: 540d272ee7771384dbf1a24e656c4ec6, type: 2}
  m_IsPrefabParent: 0
--- !u!1 &616206091
GameObject:
  m_ObjectHideFlags: 0
  m_PrefabParentObject: {fileID: 0}
  m_PrefabInternal: {fileID: 0}
  serializedVersion: 5
  m_Component:
  - component: {fileID: 616206093}
  - component: {fileID: 616206092}
  - component: {fileID: 616206094}
  m_Layer: 0
  m_Name: Spider Spawn
  m_TagString: Untagged
  m_Icon: {fileID: 0}
  m_NavMeshLayer: 0
  m_StaticEditorFlags: 0
  m_IsActive: 1
--- !u!114 &616206092
MonoBehaviour:
  m_ObjectHideFlags: 0
  m_PrefabParentObject: {fileID: 0}
  m_PrefabInternal: {fileID: 0}
  m_GameObject: {fileID: 616206091}
  m_Enabled: 1
  m_EditorHideFlags: 0
  m_Script: {fileID: 11500000, guid: 21300b603f6bf6548a16be4e53fdeff6, type: 3}
  m_Name: 
  m_EditorClassIdentifier: 
  m_bulletSpawner: {fileID: 1113320592}
  m_autoSpawn: 1
  m_changeOfSpawn: 0.4
--- !u!4 &616206093
Transform:
  m_ObjectHideFlags: 0
  m_PrefabParentObject: {fileID: 0}
  m_PrefabInternal: {fileID: 0}
  m_GameObject: {fileID: 616206091}
  m_LocalRotation: {x: 0, y: 0, z: 0, w: 1}
  m_LocalPosition: {x: 0, y: 0, z: 0}
  m_LocalScale: {x: 1, y: 1, z: 1}
  m_Children:
  - {fileID: 1113320593}
  m_Father: {fileID: 0}
  m_RootOrder: 6
  m_LocalEulerAnglesHint: {x: 0, y: 0, z: 0}
--- !u!114 &616206094
MonoBehaviour:
  m_ObjectHideFlags: 0
  m_PrefabParentObject: {fileID: 0}
  m_PrefabInternal: {fileID: 0}
  m_GameObject: {fileID: 616206091}
  m_Enabled: 1
  m_EditorHideFlags: 0
  m_Script: {fileID: 11500000, guid: fe7e8cba54ba13e4cb6a5d5600622e3a, type: 3}
  m_Name: 
  m_EditorClassIdentifier: 
  m_prefab: {fileID: 1900654152489548, guid: 39c944d519499034ebcf05cb447af7eb, type: 2}
  m_parent: {fileID: 0}
  m_autoGenerate: 1
  m_objectPoolLimit: 5
  m_objectPool: []
--- !u!224 &637348110 stripped
RectTransform:
  m_PrefabParentObject: {fileID: 224427585298713318, guid: 337fa488362d8714e9fad6422218e9ca,
    type: 2}
  m_PrefabInternal: {fileID: 385677625}
--- !u!114 &637348111 stripped
MonoBehaviour:
  m_PrefabParentObject: {fileID: 114437881396417062, guid: 337fa488362d8714e9fad6422218e9ca,
    type: 2}
  m_PrefabInternal: {fileID: 385677625}
  m_Script: {fileID: 11500000, guid: 364c5d9d182be4945a3d76db8e845fec, type: 3}
--- !u!1 &728683161
GameObject:
  m_ObjectHideFlags: 0
  m_PrefabParentObject: {fileID: 0}
  m_PrefabInternal: {fileID: 0}
  serializedVersion: 5
  m_Component:
  - component: {fileID: 728683164}
  - component: {fileID: 728683163}
  - component: {fileID: 728683162}
  m_Layer: 0
  m_Name: EventSystem
  m_TagString: Untagged
  m_Icon: {fileID: 0}
  m_NavMeshLayer: 0
  m_StaticEditorFlags: 0
  m_IsActive: 1
--- !u!114 &728683162
MonoBehaviour:
  m_ObjectHideFlags: 0
  m_PrefabParentObject: {fileID: 0}
  m_PrefabInternal: {fileID: 0}
  m_GameObject: {fileID: 728683161}
  m_Enabled: 1
  m_EditorHideFlags: 0
  m_Script: {fileID: 1077351063, guid: f70555f144d8491a825f0804e09c671c, type: 3}
  m_Name: 
  m_EditorClassIdentifier: 
  m_HorizontalAxis: Horizontal
  m_VerticalAxis: Vertical
  m_SubmitButton: Submit
  m_CancelButton: Cancel
  m_InputActionsPerSecond: 10
  m_RepeatDelay: 0.5
  m_ForceModuleActive: 0
--- !u!114 &728683163
MonoBehaviour:
  m_ObjectHideFlags: 0
  m_PrefabParentObject: {fileID: 0}
  m_PrefabInternal: {fileID: 0}
  m_GameObject: {fileID: 728683161}
  m_Enabled: 1
  m_EditorHideFlags: 0
  m_Script: {fileID: -619905303, guid: f70555f144d8491a825f0804e09c671c, type: 3}
  m_Name: 
  m_EditorClassIdentifier: 
  m_FirstSelected: {fileID: 0}
  m_sendNavigationEvents: 1
  m_DragThreshold: 10
--- !u!4 &728683164
Transform:
  m_ObjectHideFlags: 0
  m_PrefabParentObject: {fileID: 0}
  m_PrefabInternal: {fileID: 0}
  m_GameObject: {fileID: 728683161}
  m_LocalRotation: {x: 0, y: 0, z: 0, w: 1}
  m_LocalPosition: {x: 0, y: 0, z: 0}
  m_LocalScale: {x: 1, y: 1, z: 1}
  m_Children: []
  m_Father: {fileID: 0}
  m_RootOrder: 11
  m_LocalEulerAnglesHint: {x: 0, y: 0, z: 0}
--- !u!224 &1027355281 stripped
RectTransform:
  m_PrefabParentObject: {fileID: 224935668660295898, guid: 540d272ee7771384dbf1a24e656c4ec6,
    type: 2}
  m_PrefabInternal: {fileID: 605465873}
--- !u!114 &1059644224 stripped
MonoBehaviour:
  m_PrefabParentObject: {fileID: 114593932202226198, guid: 12d6137b7162e6142bb6fa9b834604e3,
    type: 2}
  m_PrefabInternal: {fileID: 100485841}
  m_Script: {fileID: 11500000, guid: f5fc17a563b407e4d9d556625df912cc, type: 3}
--- !u!1 &1113320591
GameObject:
  m_ObjectHideFlags: 0
  m_PrefabParentObject: {fileID: 0}
  m_PrefabInternal: {fileID: 0}
  serializedVersion: 5
  m_Component:
  - component: {fileID: 1113320593}
  - component: {fileID: 1113320592}
  - component: {fileID: 1113320594}
  m_Layer: 0
  m_Name: Enemy Bullets
  m_TagString: Untagged
  m_Icon: {fileID: 0}
  m_NavMeshLayer: 0
  m_StaticEditorFlags: 0
  m_IsActive: 1
--- !u!114 &1113320592
MonoBehaviour:
  m_ObjectHideFlags: 0
  m_PrefabParentObject: {fileID: 0}
  m_PrefabInternal: {fileID: 0}
  m_GameObject: {fileID: 1113320591}
  m_Enabled: 1
  m_EditorHideFlags: 0
  m_Script: {fileID: 11500000, guid: efcd286e3ca270c42995a523954122c2, type: 3}
  m_Name: 
  m_EditorClassIdentifier: 
--- !u!4 &1113320593
Transform:
  m_ObjectHideFlags: 0
  m_PrefabParentObject: {fileID: 0}
  m_PrefabInternal: {fileID: 0}
  m_GameObject: {fileID: 1113320591}
  m_LocalRotation: {x: -0, y: -0, z: -0, w: 1}
  m_LocalPosition: {x: 0, y: 0, z: 0}
  m_LocalScale: {x: 1, y: 1, z: 1}
  m_Children: []
  m_Father: {fileID: 616206093}
  m_RootOrder: 0
  m_LocalEulerAnglesHint: {x: 0, y: 0, z: 0}
--- !u!114 &1113320594
MonoBehaviour:
  m_ObjectHideFlags: 0
  m_PrefabParentObject: {fileID: 0}
  m_PrefabInternal: {fileID: 0}
  m_GameObject: {fileID: 1113320591}
  m_Enabled: 1
  m_EditorHideFlags: 0
  m_Script: {fileID: 11500000, guid: fe7e8cba54ba13e4cb6a5d5600622e3a, type: 3}
  m_Name: 
  m_EditorClassIdentifier: 
  m_prefab: {fileID: 1456504954164572, guid: f9f4f6f2ef0df7a4d8cb08e6e1e8fc94, type: 2}
  m_parent: {fileID: 0}
  m_autoGenerate: 1
  m_objectPoolLimit: 10
  m_objectPool: []
--- !u!1 &1288354175
GameObject:
  m_ObjectHideFlags: 0
  m_PrefabParentObject: {fileID: 0}
  m_PrefabInternal: {fileID: 0}
  serializedVersion: 5
  m_Component:
  - component: {fileID: 1288354179}
  - component: {fileID: 1288354178}
  - component: {fileID: 1288354177}
  - component: {fileID: 1288354176}
  m_Layer: 5
  m_Name: Background
  m_TagString: Untagged
  m_Icon: {fileID: 0}
  m_NavMeshLayer: 0
  m_StaticEditorFlags: 0
  m_IsActive: 1
--- !u!114 &1288354176
MonoBehaviour:
  m_ObjectHideFlags: 0
  m_PrefabParentObject: {fileID: 0}
  m_PrefabInternal: {fileID: 0}
  m_GameObject: {fileID: 1288354175}
  m_Enabled: 1
  m_EditorHideFlags: 0
  m_Script: {fileID: 1301386320, guid: f70555f144d8491a825f0804e09c671c, type: 3}
  m_Name: 
  m_EditorClassIdentifier: 
  m_IgnoreReversedGraphics: 0
  m_BlockingObjects: 0
  m_BlockingMask:
    serializedVersion: 2
    m_Bits: 0
--- !u!114 &1288354177
MonoBehaviour:
  m_ObjectHideFlags: 0
  m_PrefabParentObject: {fileID: 0}
  m_PrefabInternal: {fileID: 0}
  m_GameObject: {fileID: 1288354175}
  m_Enabled: 1
  m_EditorHideFlags: 0
  m_Script: {fileID: 1980459831, guid: f70555f144d8491a825f0804e09c671c, type: 3}
  m_Name: 
  m_EditorClassIdentifier: 
  m_UiScaleMode: 0
  m_ReferencePixelsPerUnit: 100
  m_ScaleFactor: 1
  m_ReferenceResolution: {x: 800, y: 600}
  m_ScreenMatchMode: 0
  m_MatchWidthOrHeight: 0
  m_PhysicalUnit: 3
  m_FallbackScreenDPI: 96
  m_DefaultSpriteDPI: 96
  m_DynamicPixelsPerUnit: 1
--- !u!223 &1288354178
Canvas:
  m_ObjectHideFlags: 0
  m_PrefabParentObject: {fileID: 0}
  m_PrefabInternal: {fileID: 0}
  m_GameObject: {fileID: 1288354175}
  m_Enabled: 1
  serializedVersion: 3
  m_RenderMode: 1
  m_Camera: {fileID: 282840813}
  m_PlaneDistance: 100
  m_PixelPerfect: 1
  m_ReceivesEvents: 1
  m_OverrideSorting: 0
  m_OverridePixelPerfect: 0
  m_SortingBucketNormalizedSize: 0
  m_AdditionalShaderChannelsFlag: 0
  m_SortingLayerID: 0
  m_SortingOrder: -100
  m_TargetDisplay: 0
--- !u!224 &1288354179
RectTransform:
  m_ObjectHideFlags: 0
  m_PrefabParentObject: {fileID: 0}
  m_PrefabInternal: {fileID: 0}
  m_GameObject: {fileID: 1288354175}
  m_LocalRotation: {x: 0, y: 0, z: 0, w: 1}
  m_LocalPosition: {x: 0, y: 0, z: 0}
  m_LocalScale: {x: 0, y: 0, z: 0}
  m_Children:
  - {fileID: 1524615642}
  m_Father: {fileID: 0}
  m_RootOrder: 9
  m_LocalEulerAnglesHint: {x: 0, y: 0, z: 0}
  m_AnchorMin: {x: 0, y: 0}
  m_AnchorMax: {x: 0, y: 0}
  m_AnchoredPosition: {x: 0, y: 0}
  m_SizeDelta: {x: 0, y: 0}
  m_Pivot: {x: 0, y: 0}
--- !u!1 &1524615641
GameObject:
  m_ObjectHideFlags: 0
  m_PrefabParentObject: {fileID: 0}
  m_PrefabInternal: {fileID: 0}
  serializedVersion: 5
  m_Component:
  - component: {fileID: 1524615642}
  - component: {fileID: 1524615644}
  - component: {fileID: 1524615643}
  m_Layer: 5
  m_Name: Image
  m_TagString: Untagged
  m_Icon: {fileID: 0}
  m_NavMeshLayer: 0
  m_StaticEditorFlags: 0
  m_IsActive: 1
--- !u!224 &1524615642
RectTransform:
  m_ObjectHideFlags: 0
  m_PrefabParentObject: {fileID: 0}
  m_PrefabInternal: {fileID: 0}
  m_GameObject: {fileID: 1524615641}
  m_LocalRotation: {x: 0, y: 0, z: 0, w: 1}
  m_LocalPosition: {x: 0, y: 0, z: 0}
  m_LocalScale: {x: 1, y: 1, z: 1}
  m_Children: []
  m_Father: {fileID: 1288354179}
  m_RootOrder: 0
  m_LocalEulerAnglesHint: {x: 0, y: 0, z: 0}
  m_AnchorMin: {x: 0, y: 0}
  m_AnchorMax: {x: 1, y: 1}
  m_AnchoredPosition: {x: 0, y: 0}
  m_SizeDelta: {x: 0, y: 0}
  m_Pivot: {x: 0.5, y: 0.5}
--- !u!114 &1524615643
MonoBehaviour:
  m_ObjectHideFlags: 0
  m_PrefabParentObject: {fileID: 0}
  m_PrefabInternal: {fileID: 0}
  m_GameObject: {fileID: 1524615641}
  m_Enabled: 1
  m_EditorHideFlags: 0
  m_Script: {fileID: -765806418, guid: f70555f144d8491a825f0804e09c671c, type: 3}
  m_Name: 
  m_EditorClassIdentifier: 
  m_Material: {fileID: 0}
  m_Color: {r: 1, g: 1, b: 1, a: 1}
  m_RaycastTarget: 0
  m_OnCullStateChanged:
    m_PersistentCalls:
      m_Calls: []
    m_TypeName: UnityEngine.UI.MaskableGraphic+CullStateChangedEvent, UnityEngine.UI,
      Version=1.0.0.0, Culture=neutral, PublicKeyToken=null
  m_Sprite: {fileID: 21300000, guid: 4b2e54dedb90b0d47b54442a6c102db0, type: 3}
  m_Type: 0
  m_PreserveAspect: 0
  m_FillCenter: 1
  m_FillMethod: 4
  m_FillAmount: 1
  m_FillClockwise: 1
  m_FillOrigin: 0
--- !u!222 &1524615644
CanvasRenderer:
  m_ObjectHideFlags: 0
  m_PrefabParentObject: {fileID: 0}
  m_PrefabInternal: {fileID: 0}
  m_GameObject: {fileID: 1524615641}
--- !u!1001 &1777894867
Prefab:
  m_ObjectHideFlags: 0
  serializedVersion: 2
  m_Modification:
    m_TransformParent: {fileID: 0}
    m_Modifications:
    - target: {fileID: 4895682586472568, guid: 60984ac9cc0b1e646b4af85620e0bf37, type: 2}
      propertyPath: m_LocalPosition.x
      value: 0
      objectReference: {fileID: 0}
    - target: {fileID: 4895682586472568, guid: 60984ac9cc0b1e646b4af85620e0bf37, type: 2}
      propertyPath: m_LocalPosition.y
      value: 0
      objectReference: {fileID: 0}
    - target: {fileID: 4895682586472568, guid: 60984ac9cc0b1e646b4af85620e0bf37, type: 2}
      propertyPath: m_LocalPosition.z
      value: 0
      objectReference: {fileID: 0}
    - target: {fileID: 4895682586472568, guid: 60984ac9cc0b1e646b4af85620e0bf37, type: 2}
      propertyPath: m_LocalRotation.x
      value: 0
      objectReference: {fileID: 0}
    - target: {fileID: 4895682586472568, guid: 60984ac9cc0b1e646b4af85620e0bf37, type: 2}
      propertyPath: m_LocalRotation.y
      value: 0
      objectReference: {fileID: 0}
    - target: {fileID: 4895682586472568, guid: 60984ac9cc0b1e646b4af85620e0bf37, type: 2}
      propertyPath: m_LocalRotation.z
      value: 0
      objectReference: {fileID: 0}
    - target: {fileID: 4895682586472568, guid: 60984ac9cc0b1e646b4af85620e0bf37, type: 2}
      propertyPath: m_LocalRotation.w
      value: 1
      objectReference: {fileID: 0}
    - target: {fileID: 4895682586472568, guid: 60984ac9cc0b1e646b4af85620e0bf37, type: 2}
      propertyPath: m_RootOrder
      value: 2
      objectReference: {fileID: 0}
    m_RemovedComponents: []
  m_ParentPrefab: {fileID: 100100000, guid: 60984ac9cc0b1e646b4af85620e0bf37, type: 2}
  m_IsPrefabParent: 0
--- !u!1 &1798779767
GameObject:
  m_ObjectHideFlags: 0
  m_PrefabParentObject: {fileID: 0}
  m_PrefabInternal: {fileID: 0}
  serializedVersion: 5
  m_Component:
  - component: {fileID: 1798779771}
  - component: {fileID: 1798779770}
  - component: {fileID: 1798779769}
  - component: {fileID: 1798779768}
  m_Layer: 5
  m_Name: GUI
  m_TagString: Untagged
  m_Icon: {fileID: 0}
  m_NavMeshLayer: 0
  m_StaticEditorFlags: 0
  m_IsActive: 1
--- !u!114 &1798779768
MonoBehaviour:
  m_ObjectHideFlags: 0
  m_PrefabParentObject: {fileID: 0}
  m_PrefabInternal: {fileID: 0}
  m_GameObject: {fileID: 1798779767}
  m_Enabled: 1
  m_EditorHideFlags: 0
  m_Script: {fileID: 1301386320, guid: f70555f144d8491a825f0804e09c671c, type: 3}
  m_Name: 
  m_EditorClassIdentifier: 
  m_IgnoreReversedGraphics: 1
  m_BlockingObjects: 0
  m_BlockingMask:
    serializedVersion: 2
    m_Bits: 4294967295
--- !u!114 &1798779769
MonoBehaviour:
  m_ObjectHideFlags: 0
  m_PrefabParentObject: {fileID: 0}
  m_PrefabInternal: {fileID: 0}
  m_GameObject: {fileID: 1798779767}
  m_Enabled: 1
  m_EditorHideFlags: 0
  m_Script: {fileID: 1980459831, guid: f70555f144d8491a825f0804e09c671c, type: 3}
  m_Name: 
  m_EditorClassIdentifier: 
  m_UiScaleMode: 0
  m_ReferencePixelsPerUnit: 100
  m_ScaleFactor: 1
  m_ReferenceResolution: {x: 800, y: 600}
  m_ScreenMatchMode: 0
  m_MatchWidthOrHeight: 0
  m_PhysicalUnit: 3
  m_FallbackScreenDPI: 96
  m_DefaultSpriteDPI: 96
  m_DynamicPixelsPerUnit: 1
--- !u!223 &1798779770
Canvas:
  m_ObjectHideFlags: 0
  m_PrefabParentObject: {fileID: 0}
  m_PrefabInternal: {fileID: 0}
  m_GameObject: {fileID: 1798779767}
  m_Enabled: 1
  serializedVersion: 3
  m_RenderMode: 0
  m_Camera: {fileID: 0}
  m_PlaneDistance: 100
  m_PixelPerfect: 0
  m_ReceivesEvents: 1
  m_OverrideSorting: 0
  m_OverridePixelPerfect: 0
  m_SortingBucketNormalizedSize: 0
  m_AdditionalShaderChannelsFlag: 0
  m_SortingLayerID: 0
  m_SortingOrder: 3
  m_TargetDisplay: 0
--- !u!224 &1798779771
RectTransform:
  m_ObjectHideFlags: 0
  m_PrefabParentObject: {fileID: 0}
  m_PrefabInternal: {fileID: 0}
  m_GameObject: {fileID: 1798779767}
  m_LocalRotation: {x: 0, y: 0, z: 0, w: 1}
  m_LocalPosition: {x: 0, y: 0, z: 0}
  m_LocalScale: {x: 0, y: 0, z: 0}
  m_Children:
  - {fileID: 1027355281}
  - {fileID: 28206082}
  - {fileID: 637348110}
  m_Father: {fileID: 0}
  m_RootOrder: 10
  m_LocalEulerAnglesHint: {x: 0, y: 0, z: 0}
  m_AnchorMin: {x: 0, y: 0}
  m_AnchorMax: {x: 0, y: 0}
  m_AnchoredPosition: {x: 0, y: 0}
  m_SizeDelta: {x: 0, y: 0}
  m_Pivot: {x: 0, y: 0}
--- !u!1 &2065278230
GameObject:
  m_ObjectHideFlags: 0
  m_PrefabParentObject: {fileID: 0}
  m_PrefabInternal: {fileID: 0}
  serializedVersion: 5
  m_Component:
  - component: {fileID: 2065278231}
  - component: {fileID: 2065278233}
  - component: {fileID: 2065278232}
  m_Layer: 0
  m_Name: Asteroid Manager
  m_TagString: Untagged
  m_Icon: {fileID: 0}
  m_NavMeshLayer: 0
  m_StaticEditorFlags: 0
  m_IsActive: 1
--- !u!4 &2065278231
Transform:
  m_ObjectHideFlags: 0
  m_PrefabParentObject: {fileID: 0}
  m_PrefabInternal: {fileID: 0}
  m_GameObject: {fileID: 2065278230}
  m_LocalRotation: {x: 0, y: 0, z: 0, w: 1}
  m_LocalPosition: {x: 0, y: 0, z: 0}
  m_LocalScale: {x: 1, y: 1, z: 1}
  m_Children: []
  m_Father: {fileID: 0}
  m_RootOrder: 8
  m_LocalEulerAnglesHint: {x: 0, y: 0, z: 0}
--- !u!114 &2065278232
MonoBehaviour:
  m_ObjectHideFlags: 0
  m_PrefabParentObject: {fileID: 0}
  m_PrefabInternal: {fileID: 0}
  m_GameObject: {fileID: 2065278230}
  m_Enabled: 1
  m_EditorHideFlags: 0
  m_Script: {fileID: 11500000, guid: 3e2f8e91990d5614c8f972b2eba41842, type: 3}
  m_Name: 
  m_EditorClassIdentifier: 
--- !u!114 &2065278233
MonoBehaviour:
  m_ObjectHideFlags: 0
  m_PrefabParentObject: {fileID: 0}
  m_PrefabInternal: {fileID: 0}
  m_GameObject: {fileID: 2065278230}
  m_Enabled: 1
  m_EditorHideFlags: 0
  m_Script: {fileID: 11500000, guid: fe7e8cba54ba13e4cb6a5d5600622e3a, type: 3}
  m_Name: 
  m_EditorClassIdentifier: 
  m_prefab: {fileID: 1537243120227640, guid: 17d4fe13ccf9c8c42b04f57dd04bfd93, type: 2}
  m_parent: {fileID: 0}
  m_autoGenerate: 1
  m_objectPoolLimit: 3
  m_objectPool: []
